@digital{datagrowth,
    author = {Alex Woodie},
    date   = {January 11, 2022},
    title  = {Big Growth Forecasted for Big Data},
    type   = {EB/OL},
    url    = {https://www.datanami.com/2022/01/11/big-growth-forecasted-for-big-data/}
}
@digital{databreach,
    author = {至顶网},
    date   = {Juky 04, 2022},
    title  = {年中盘点：2022年十大数据泄露事件},
    type   = {EB/OL},
    url    = {https://www.51cto.com/article/713157.html}
}
@digital{cpabe,
    title  = {CP-ABE toolkit},
    type   = {EB/OL},
    url    = {https://acsc.cs.utexas.edu/cpabe/}
}
@digital{friso,
    title  = {friso},
    type   = {EB/OL},
    url    = {https://code.google.com/archive/p/friso/}
}
@digital{libevent,
    title  = {libevent},
    type   = {EB/OL},
    url    = {https://libevent.org/}
}
@digital{fsl,
    title  = {FSL traces and snapshots public archive.},
    type   = {EB/OL},
    url    = {https://tracer.filesystems.org/}
}

@article{meyer2012study,
  title={A study of practical deduplication},
  author={Meyer, Dutch T and Bolosky, William J},
  journal={ACM Transactions on Storage (ToS)},
  volume={7},
  number={4},
  pages={1--20},
  year={2012},
  publisher={ACM New York, NY, USA}
}
@inproceedings{zhu2008avoiding,
  title={Avoiding the disk bottleneck in the data domain deduplication file system.},
  author={Zhu, Benjamin and Li, Kai and Patterson, R Hugo},
  booktitle={Proceedings of the 6th USENIX Conference on File and Storage Technologies},
  pages={269--282},
  year={2008}
}
@inproceedings{lillibridgesparse,
  title={Sparse Indexing: Large Scale, Inline Deduplication Using Sampling and Locality},
  author={Lillibridge, Mark and Eshghi, Kave and Bhagwat, Deepavali and Deolalikar, Vinay and Trezise, Greg and Camble, Peter},
  booktitle={Proceedings of the 7th USENIX Conference on File and Storage Technologies},
  pages={111--123},
  year={2009}
}
@inproceedings{wallace2012characteristics,
  title={Characteristics of backup workloads in production systems.},
  author={Wallace, Grant and Douglis, Fred and Qian, Hangwei and Shilane, Philip and Smaldone, Stephen and Chamness, Mark and Hsu, Windsor},
  booktitle={Proceedings of the 10th USENIX Conference on File and Storage Technologies},
  volume={12},
  pages={4--4},
  year={2012}
}
@article{harnik2010side,
  title={Side channels in cloud services: Deduplication in cloud storage},
  author={Harnik, Danny and Pinkas, Benny and Shulman-Peleg, Alexandra},
  journal={IEEE Security \& Privacy},
  volume={8},
  number={6},
  pages={40--47},
  year={2010},
  publisher={IEEE}
}
@article{paulo2014survey,
  title={A survey and classification of storage deduplication systems},
  author={Paulo, Jo{\~a}o and Pereira, Jos{\'e}},
  journal={ACM Computing Surveys (CSUR)},
  volume={47},
  number={1},
  pages={1--30},
  year={2014},
  publisher={ACM New York, NY, USA}
}
@inproceedings{bellare2013message,
  title={Message-Locked Encryption and Secure Deduplication},
  author={Bellare, Mihir and Keelveedhi, Sriram and Ristenpart, Thomas},
  journal={Proceedings of EUROCRYPT},
  pages={296--312},
  year={2013}
}
@inproceedings{keelveedhi2013dupless,
  title={{DupLESS}: {Server-Aided} Encryption for Deduplicated Storage},
  author={Keelveedhi, Sriram and Bellare, Mihir and Ristenpart, Thomas},
  booktitle={Proceedings of the 22nd USENIX security symposium (USENIX security 13)},
  pages={179--194},
  year={2013}
}
@inproceedings{armknecht2015transparent,
  title={Transparent data deduplication in the cloud},
  author={Armknecht, Frederik and Bohli, Jens-Matthias and Karame, Ghassan O and Youssef, Franck},
  booktitle={Proceedings of the 22nd ACM SIGSAC Conference on Computer and Communications Security},
  pages={886--900},
  year={2015}
}
@inproceedings{li2015cdstore,
  title={{CDStore}: Toward Reliable, Secure, and {Cost-Efficient} Cloud Storage via Convergent Dispersal},
  author={Li, Mingqiang and Qin, Chuan and Lee, Patrick PC},
  booktitle={Proceedings of USENIX Annual Technical Conference (USENIX ATC 15)},
  pages={111--124},
  year={2015}
}
@article{qin2017design,
  title={The design and implementation of a rekeying-aware encrypted deduplication storage system},
  author={Qin, Chuan and Li, Jingwei and Lee, Patrick PC},
  journal={ACM Transactions on Storage (TOS)},
  volume={13},
  number={1},
  pages={1--30},
  year={2017},
  publisher={ACM New York, NY, USA}
}
@inproceedings{song2000practical,
  title={Practical techniques for searches on encrypted data},
  author={Song, Dawn Xiaoding and Wagner, David and Perrig, Adrian},
  booktitle={Proceedings of 2000 IEEE symposium on security and privacy. S\&P 2000},
  pages={44--55},
  year={2000},
  organization={IEEE}
}
@inproceedings{curtmola2006searchable,
  title={Searchable symmetric encryption: improved definitions and efficient constructions},
  author={Curtmola, Reza and Garay, Juan and Kamara, Seny and Ostrovsky, Rafail},
  booktitle={Proceedings of the 13th ACM conference on Computer and communications security},
  pages={79--88},
  year={2006}
}
@inproceedings{wang2010secure,
  title={Secure ranked keyword search over encrypted cloud data},
  author={Wang, Cong and Cao, Ning and Li, Jin and Ren, Kui and Lou, Wenjing},
  booktitle={2010 IEEE 30th international conference on distributed computing systems},
  pages={253--262},
  year={2010},
  organization={IEEE}
}
@inproceedings{premasathian2012searchable,
  title={Searchable encryption schemes: With multiplication and simultaneous congruences},
  author={Premasathian, Nol and Choto, Somsak},
  booktitle={2012 9th International ISC Conference on Information Security and Cryptology},
  pages={147--150},
  year={2012},
  organization={IEEE}
}
@inproceedings{cash2013highly,
  title={Highly-scalable searchable symmetric encryption with support for boolean queries},
  author={Cash, David and Jarecki, Stanislaw and Jutla, Charanjit and Krawczyk, Hugo and Ro{\c{s}}u, Marcel-C{\u{a}}t{\u{a}}lin and Steiner, Michael},
  booktitle={Annual cryptology conference},
  pages={353--373},
  year={2013},
  organization={Springer}
}
@article{cao2013privacy,
  title={Privacy-preserving multi-keyword ranked search over encrypted cloud data},
  author={Cao, Ning and Wang, Cong and Li, Ming and Ren, Kui and Lou, Wenjing},
  journal={IEEE Transactions on parallel and distributed systems},
  volume={25},
  number={1},
  pages={222--233},
  year={2013},
  publisher={IEEE}
}
@article{dai2019privacy,
  title={A privacy-preserving multi-keyword ranked search over encrypted data in hybrid clouds},
  author={Dai, Hua and Ji, Yan and Yang, Geng and Huang, Haiping and Yi, Xun},
  journal={IEEE Access},
  volume={8},
  pages={4895--4907},
  year={2019},
  publisher={IEEE}
}
@article{yu2017survey,
  title={A survey on the edge computing for the Internet of Things},
  author={Yu, Wei and Liang, Fan and He, Xiaofei and Hatcher, William Grant and Lu, Chao and Lin, Jie and Yang, Xinyu},
  journal={IEEE access},
  volume={6},
  pages={6900--6919},
  year={2017},
  publisher={IEEE}
}
@article{cao2020overview,
  title={An overview on edge computing research},
  author={Cao, Keyan and Liu, Yefan and Meng, Gongjie and Sun, Qimeng},
  journal={IEEE access},
  volume={8},
  pages={85714--85728},
  year={2020},
  publisher={IEEE}
}
@article{fu2006key,
  title={Key regression: Enabling efficient key distribution for secure distributed storage},
  author={Fu, Kevin and Kamara, Seny and Kohno, Tadayoshi},
  journal={Computer Science Department Faculty Publication Series},
  pages={149},
  year={2006}
}
@inproceedings{sahai2005fuzzy,
  title={Fuzzy identity-based encryption},
  author={Sahai, Amit and Waters, Brent},
  booktitle={Annual international conference on the theory and applications of cryptographic techniques},
  pages={457--473},
  year={2005},
  organization={Springer}
}
@inproceedings{goyal2006attribute,
  title={Attribute-based encryption for fine-grained access control of encrypted data},
  author={Goyal, Vipul and Pandey, Omkant and Sahai, Amit and Waters, Brent},
  booktitle={Proceedings of the 13th ACM conference on Computer and communications security},
  pages={89--98},
  year={2006}
}
@inproceedings{bethencourt2007ciphertext,
  title={Ciphertext-policy attribute-based encryption},
  author={Bethencourt, John and Sahai, Amit and Waters, Brent},
  booktitle={2007 IEEE symposium on security and privacy (SP'07)},
  pages={321--334},
  year={2007},
  organization={IEEE}
}
@article{acar2018survey,
  title={A survey on homomorphic encryption schemes: Theory and implementation},
  author={Acar, Abbas and Aksu, Hidayet and Uluagac, A Selcuk and Conti, Mauro},
  journal={ACM Computing Surveys (Csur)},
  volume={51},
  number={4},
  pages={1--35},
  year={2018},
  publisher={ACM New York, NY, USA}
}
@inproceedings{anderson2010fast,
  title={Fast and secure laptop backups with encrypted de-duplication},
  author={Anderson, Paul and Zhang, Le},
  booktitle={Proceedings of 24th Large Installation System Administration Conference (LISA 10)},
  year={2010}
}
@inproceedings{cox2002pastiche,
  title={Pastiche: Making backup cheap and easy},
  author={Cox, Landon P and Murray, Christopher D and Noble, Brian D},
  booktitle={Proceedings of 5th Symposium on Operating Systems Design and Implementation (OSDI 02)},
  year={2002}
}
@article{wang2011enabling,
  title={Enabling secure and efficient ranked keyword search over outsourced cloud data},
  author={Wang, Cong and Cao, Ning and Ren, Kui and Lou, Wenjing},
  journal={IEEE Transactions on parallel and distributed systems},
  volume={23},
  number={8},
  pages={1467--1479},
  year={2011},
  publisher={IEEE}
}
@article{singhal2001modern,
  title={Modern information retrieval: A brief overview},
  author={Singhal, Amit and others},
  journal={IEEE Data Eng. Bull.},
  volume={24},
  number={4},
  pages={35--43},
  year={2001}
}
@inproceedings{wilcox2008tahoe,
  title={Tahoe: the least-authority filesystem},
  author={Wilcox-O'Hearn, Zooko and Warner, Brian},
  booktitle={Proceedings of the 4th ACM international workshop on Storage security and survivability},
  pages={21--26},
  year={2008}
}
@inproceedings{kumar2007anonymizing,
  title={On anonymizing query logs via token-based hashing},
  author={Kumar, Ravi and Novak, Jasmine and Pang, Bo and Tomkins, Andrew},
  booktitle={Proceedings of the 16th international conference on World Wide Web},
  pages={629--638},
  year={2007}
}
@inproceedings{islam2012access,
  title={Access pattern disclosure on searchable encryption: ramification, attack and mitigation.},
  author={Islam, Mohammad Saiful and Kuzu, Mehmet and Kantarcioglu, Murat},
  booktitle={Proceedings of Ndss},
  volume={20},
  pages={12},
  year={2012},
  organization={Citeseer}
}
@inproceedings{naveed2015inference,
  title={Inference attacks on property-preserving encrypted databases},
  author={Naveed, Muhammad and Kamara, Seny and Wright, Charles V},
  booktitle={Proceedings of the 22nd ACM SIGSAC Conference on Computer and Communications Security},
  pages={644--655},
  year={2015}
}
@inproceedings{shah2015lamassu,
  title={Lamassu:{Storage-Efficient} {Host-Side} Encryption},
  author={Shah, Peter and So, Won},
  booktitle={Proceedings of 2015 USENIX Annual Technical Conference (USENIX ATC 15)},
  pages={333--345},
  year={2015}
}
@inproceedings{zheng2015enabling,
  title={Enabling encrypted cloud media center with secure deduplication},
  author={Zheng, Yifeng and Yuan, Xingliang and Wang, Xinyu and Jiang, Jinghua and Wang, Cong and Gui, Xiaolin},
  booktitle={Proceedings of the 10th ACM Symposium on Information, Computer and Communications Security},
  pages={63--72},
  year={2015}
}
@inproceedings{duan2014distributed,
  title={Distributed key generation for encrypted deduplication: Achieving the strongest privacy},
  author={Duan, Yitao},
  booktitle={Proceedings of the 6th edition of the ACM Workshop on Cloud Computing Security},
  pages={57--68},
  year={2014}
}
@article{li2013secure,
  title={Secure deduplication with efficient and reliable convergent key management},
  author={Li, Jin and Chen, Xiaofeng and Li, Mingqiang and Li, Jingwei and Lee, Patrick PC and Lou, Wenjing},
  journal={IEEE transactions on parallel and distributed systems},
  volume={25},
  number={6},
  pages={1615--1625},
  year={2013},
  publisher={IEEE}
}
@inproceedings{zhou2015secdep,
  title={SecDep: A user-aware efficient fine-grained secure deduplication scheme with multi-level key management},
  author={Zhou, Yukun and Feng, Dan and Xia, Wen and Fu, Min and Huang, Fangting and Zhang, Yucheng and Li, Chunguang},
  booktitle={Proceedings of the 31st Symposium on Mass Storage Systems and Technologies (MSST)},
  pages={1--14},
  year={2015},
  organization={IEEE}
}
@article{goh2003technical,
  title={Technical report 2003/216 [J]},
  author={Goh, EJ and Indexes, Secure},
  journal={IACR ePrint Cryptography Archive},
  year={2003}
}

@inproceedings{boneh2004public,
  title={Public key encryption with keyword search},
  author={Boneh, Dan and Crescenzo, Giovanni Di and Ostrovsky, Rafail and Persiano, Giuseppe},
  booktitle={Proceedings of International conference on the theory and applications of cryptographic techniques},
  pages={506--522},
  year={2004},
  organization={Springer}
}
@inproceedings{khader2006public,
  title={Public key encryption with keyword search based on K-resilient IBE},
  author={Khader, Dalia},
  booktitle={Proceedings of International Conference on Computational Science and Its Applications},
  pages={298--308},
  year={2006},
  organization={Springer}
}
@inproceedings{crescenzo2007public,
  title={Public key encryption with searchable keywords based on Jacobi symbols},
  author={Crescenzo, Giovanni Di and Saraswat, Vishal},
  booktitle={Proceedings of International Conference on Cryptology in India},
  pages={282--296},
  year={2007},
  organization={Springer}
}
@inproceedings{douceur2002reclaiming,
  title={Reclaiming space from duplicate files in a serverless distributed file system},
  author={Douceur, John R and Adya, Atul and Bolosky, William J and Simon, P and Theimer, Marvin},
  booktitle={Proceedings of the 22nd international conference on distributed computing systems},
  pages={617--624},
  year={2002},
  organization={IEEE}
}
@article{xia2016comprehensive,
  title={A comprehensive study of the past, present, and future of data deduplication},
  author={Xia, Wen and Jiang, Hong and Feng, Dan and Douglis, Fred and Shilane, Philip and Hua, Yu and Fu, Min and Zhang, Yucheng and Zhou, Yukun},
  journal={Proceedings of the IEEE},
  volume={104},
  number={9},
  pages={1681--1710},
  year={2016},
  publisher={IEEE}
}
@article{preneel1994cryptographic,
  title={Cryptographic hash functions},
  author={Preneel, Bart},
  journal={European Transactions on Telecommunications},
  volume={5},
  number={4},
  pages={431--448},
  year={1994},
  publisher={Wiley Online Library}
}

@article{chen2015bl,
  title={BL-MLE: block-level message-locked encryption for secure large file deduplication},
  author={Chen, Rongmao and Mu, Yi and Yang, Guomin and Guo, Fuchun},
  journal={IEEE Transactions on Information Forensics and Security},
  volume={10},
  number={12},
  pages={2643--2652},
  year={2015},
  publisher={IEEE}
}
@inproceedings{ateniese2007provable,
  title={Provable data possession at untrusted stores},
  author={Ateniese, Giuseppe and Burns, Randal and Curtmola, Reza and Herring, Joseph and Kissner, Lea and Peterson, Zachary and Song, Dawn},
  booktitle={Proceedings of the 14th ACM conference on Computer and communications security},
  pages={598--609},
  year={2007}
}
@inproceedings{juels2007pors,
  title={PORs: Proofs of retrievability for large files},
  author={Juels, Ari and Kaliski Jr, Burton S},
  booktitle={Proceedings of the 14th ACM conference on Computer and communications security},
  pages={584--597},
  year={2007}
}
@inproceedings{rivest1997all,
  title={All-or-nothing encryption and the package transform},
  author={Rivest, Ronald L},
  booktitle={International Workshop on Fast Software Encryption},
  pages={210--218},
  year={1997},
  organization={Springer}
}

@inproceedings{broder1997resemblance,
  title={On the resemblance and containment of documents},
  author={Broder, Andrei Z},
  booktitle={Proceedings. Compression and Complexity of SEQUENCES 1997 (Cat. No. 97TB100171)},
  pages={21--29},
  year={1997},
  organization={IEEE}
}
@incollection{broder1993some,
  title={Some applications of Rabin’s fingerprinting method},
  author={Broder, Andrei Z},
  booktitle={Sequences II},
  pages={143--152},
  year={1993},
  publisher={Springer}
}

@article{pagh2004cuckoo,
  title={Cuckoo hashing},
  author={Pagh, Rasmus and Rodler, Flemming Friche},
  journal={Journal of Algorithms},
  volume={51},
  number={2},
  pages={122--144},
  year={2004},
  publisher={Elsevier}
}

@inproceedings{el2012primary,
  title={Primary Data $\{$Deduplication—Large$\}$ Scale Study and System Design},
  author={El-Shimi, Ahmed and Kalach, Ran and Kumar, Ankit and Ottean, Adi and Li, Jin and Sengupta, Sudipta},
  booktitle={2012 USENIX Annual Technical Conference (USENIX ATC 12)},
  pages={285--296},
  year={2012}
}
@inproceedings{sun2016long,
  title={A long-term user-centric analysis of deduplication patterns},
  author={Sun, Zhen and Kuenning, Geoff and Mandal, Sonam and Shilane, Philip and Tarasov, Vasily and Xiao, Nong and others},
  booktitle={2016 32nd Symposium on Mass Storage Systems and Technologies (MSST)},
  pages={1--7},
  year={2016},
  organization={IEEE}
}

@article{o1996log,
  title={The log-structured merge-tree (LSM-tree)},
  author={O’Neil, Patrick and Cheng, Edward and Gawlick, Dieter and O’Neil, Elizabeth},
  journal={Acta Informatica},
  volume={33},
  number={4},
  pages={351--385},
  year={1996},
  publisher={Springer}
}
\begin{comment}
@thesis{chen2001hao,
    address     = {成都},
    author      = {陈念永},
    institution = {电子科技大学},
    pages       = {50-60},
    title       = {毫米波细胞生物效应及抗肿瘤研究},
    year        = {2001}
}

@digital{clerc2010discrete,
    author = {M. Clerc},
    date   = {July 16, 2010},
    title  = {Discrete particle swarm optimization: a fuzzy combinatorial box},
    type   = {EB/OL},
    url    = {http://clere.maurice.free.fr/pso/Fuzzy_Discrere_PSO/Fuzzy_DPSO.htm}
}

@techreport{feng997he,
    address     = {北京},
    author      = {冯西桥},
    date        = {1997年6月25日},
    institution = {清华大学核能技术设计研究院},
    title       = {核反应堆压力容器的{LBB}分析}
}

@newspaper{gu2012lao,
    author  = {顾春},
    date    = {2012年3月31日},
    journal = {人民日报},
    title   = {牢牢把握稳中求进的总基调}
}

@conference{liuxf2006,
    address   = {Chengdu},
    author    = {Liu, X F and Wang, Bing Zhong and Shao, Wei and Wen Wang},
    booktitle = {China-Japan Joint Microwave Conference Proceedings},
    pages     = {527-529},
    title     = {A marching-on-in-order scheme for exact attenuation constant extraction of lossy transmission lines},
    year      = {2006}
}

@article{wang1999sanwei,
    author  = {王浩刚 and 聂在平},
    journal = {电子学报},
    number  = {12},
    pages   = {68 -- 71},
    title   = {三维矢量散射积分方程中奇异性分析},
    volume  = {27},
    year    = {1999}
}

@patent{xiao2012yi,
    author  = {肖珍新},
    country = {中国},
    date    = {2012年4月25日},
    id      = {ZL201120085830.0},
    title   = {一种新型排渣阀调节降温装置},
    type    = {实用新型专利}
}

@standard{zhong1994zhong,
    address     = {北京},
    date        = {1994年11月1日},
    id          = {GB3100-3102},
    institution = {中华人民共和国国家技术监督局},
    publisher   = {中国标准出版社},
    title       = {中华人民共和国国家标准--量与单位}
}

@book{zhu1973wulixue,
    address   = {北京},
    author    = {竺可桢},
    pages     = {56-60},
    publisher = {科学出版社},
    title     = {物理学},
    year      = {1973}
}
\end{comment}
